### THIS IS AN EMPTY BIBLIOGRAPHY FILE!
### REFERENCES GO HERE!

@ARTICLE{Woods07,
   author = {{Woods}, P.~M. and {Kouveliotou}, C. and {Finger}, M.~H. and 
	{G{\"o}{\v g}{\"u}{\c s}}, E. and {Wilson}, C.~A. and {Patel}, S.~K. and 
	{Hurley}, K. and {Swank}, J.~H.},
    title = "{The Prelude to and Aftermath of the Giant Flare of 2004 December 27: Persistent and Pulsed X-Ray Properties of SGR 1806-20 from 1993 to 2005}",
  journal = {\apj},
   eprint = {astro-ph/0602402},
 keywords = {Stars: Pulsars: Individual: Alphanumeric: SGR 1806-20, X-Rays: Bursts},
     year = 2007,
    month = jan,
   volume = 654,
    pages = {470-486},
      doi = {10.1086/507459},
   adsurl = {http://adsabs.harvard.edu/abs/2007ApJ...654..470W},
  adsnote = {Provided by the SAO/NASA Astrophysics Data System}
}


@ARTICLE{Andersson09,
   author = {{Andersson}, N. and {Glampedakis}, K. and {Samuelsson}, L.},
    title = "{Superfluid signatures in magnetar seismology}",
  journal = {\mnras},
archivePrefix = "arXiv",
   eprint = {0812.2417},
 keywords = {dense matter , gravitation , MHD , stars: neutron , stars: oscillations},
     year = 2009,
    month = jun,
   volume = 396,
    pages = {894-899},
      doi = {10.1111/j.1365-2966.2009.14734.x},
   adsurl = {http://adsabs.harvard.edu/abs/2009MNRAS.396..894A},
  adsnote = {Provided by the SAO/NASA Astrophysics Data System}
}

@ARTICLE{Colaiuda11,
   author = {{Colaiuda}, A. and {Kokkotas}, K.~D.},
    title = "{Magnetar oscillations in the presence of a crust}",
  journal = {\mnras},
archivePrefix = "arXiv",
   eprint = {1012.3103},
 primaryClass = "gr-qc",
 keywords = {asteroseismology, MHD, stars: magnetic field, stars: neutron, stars: oscillations, gamma rays: general},
     year = 2011,
    month = jul,
   volume = 414,
    pages = {3014-3022},
      doi = {10.1111/j.1365-2966.2011.18602.x},
   adsurl = {http://adsabs.harvard.edu/abs/2011MNRAS.414.3014C},
  adsnote = {Provided by the SAO/NASA Astrophysics Data System}
}

@ARTICLE{Colaiuda12,
   author = {{Colaiuda}, A. and {Kokkotas}, K.~D.},
    title = "{Coupled polar-axial magnetar oscillations}",
  journal = {\mnras},
archivePrefix = "arXiv",
   eprint = {1112.3561},
 primaryClass = "astro-ph.HE",
 keywords = {MHD, stars: magnetic field, stars: neutron, stars: oscillations},
     year = 2012,
    month = jun,
   volume = 423,
    pages = {811-821},
      doi = {10.1111/j.1365-2966.2012.20919.x},
   adsurl = {http://adsabs.harvard.edu/abs/2012MNRAS.423..811C},
  adsnote = {Provided by the SAO/NASA Astrophysics Data System}
}

@ARTICLE{Gabler12,
   author = {{Gabler}, M. and {Cerd{\'a}-Dur{\'a}n}, P. and {Stergioulas}, N. and 
	{Font}, J.~A. and {M{\"u}ller}, E.},
    title = "{Magnetoelastic oscillations of neutron stars with dipolar magnetic fields}",
  journal = {\mnras},
archivePrefix = "arXiv",
   eprint = {1109.6233},
 primaryClass = "astro-ph.HE",
 keywords = {asteroseismology, MHD, stars: kinematics and dynamics, stars: magnetars, stars: neutron, stars: oscillations},
     year = 2012,
    month = apr,
   volume = 421,
    pages = {2054-2078},
      doi = {10.1111/j.1365-2966.2012.20454.x},
   adsurl = {http://adsabs.harvard.edu/abs/2012MNRAS.421.2054G},
  adsnote = {Provided by the SAO/NASA Astrophysics Data System}
}


@ARTICLE{Gabler13,
   author = {{Gabler}, M. and {Cerd{\'a}-Dur{\'a}n}, P. and {Stergioulas}, N. and 
	{Font}, J.~A. and {M{\"u}ller}, E.},
    title = "{Imprints of Superfluidity on Magnetoelastic Quasiperiodic Oscillations of Soft Gamma-Ray Repeaters}",
  journal = {Physical Review Letters},
 keywords = {Neutron stars, Hydrodynamic aspects of superfluidity, quantum fluids, Magnetohydrodynamics and plasmas, Pulsations oscillations and stellar seismology},
     year = 2013,
    month = nov,
   volume = 111,
   number = 21,
      eid = {211102},
    pages = {211102},
      doi = {10.1103/PhysRevLett.111.211102},
   adsurl = {http://adsabs.harvard.edu/abs/2013PhRvL.111u1102G},
  adsnote = {Provided by the SAO/NASA Astrophysics Data System}
}


@ARTICLE{Glampedakis06,
   author = {{Glampedakis}, K. and {Samuelsson}, L. and {Andersson}, N.},
    title = "{Elastic or magnetic? A toy model for global magnetar oscillations with implications for quasi-periodic oscillations during flares}",
  journal = {\mnras},
   eprint = {astro-ph/0605461},
 keywords = {MHD: stars: neutron: stars: oscillations, MHD, stars: neutron, stars: oscillations},
     year = 2006,
    month = sep,
   volume = 371,
    pages = {L74-L77},
      doi = {10.1111/j.1745-3933.2006.00211.x},
   adsurl = {http://adsabs.harvard.edu/abs/2006MNRAS.371L..74G},
  adsnote = {Provided by the SAO/NASA Astrophysics Data System}
}


@ARTICLE{Huppenkothen13,
   author = {{Huppenkothen}, D. and {Watts}, A.~L. and {Uttley}, P. and {van der Horst}, A.~J. and 
	{van der Klis}, M. and {Kouveliotou}, C. and {G{\"o}{\v g}{\"u}{\c s}}, E. and 
	{Granot}, J. and {Vaughan}, S. and {Finger}, M.~H.},
    title = "{Quasi-periodic Oscillations and Broadband Variability in Short Magnetar Bursts}",
  journal = {\apj},
archivePrefix = "arXiv",
   eprint = {1212.1011},
 primaryClass = "astro-ph.HE",
 keywords = {methods: data analysis, methods: statistical, pulsars: individual: SGR 0501+4516, stars: magnetic field, stars: neutron, X-rays: bursts },
     year = 2013,
    month = may,
   volume = 768,
      eid = {87},
    pages = {87},
      doi = {10.1088/0004-637X/768/1/87},
   adsurl = {http://adsabs.harvard.edu/abs/2013ApJ...768...87H},
  adsnote = {Provided by the SAO/NASA Astrophysics Data System}
}

@ARTICLE{Huppenkothen14,
   author = {{Huppenkothen}, D. and {D'Angelo}, C. and {Watts}, A.~L. and {Heil}, L. and 
	{van der Klis}, M.  and {van der Horst}, A.~J. and {Kouveliotou}, C. and {Baring}, M.~G. and {G{\"o}{\v g}{\"u}{\c s}}, E. and 
	{Granot}, J. and {Kaneko}, Y. and {Lin}, L. and {von Kienlin}, A. and {Younes}, G.},
    title = "{A Search for Quasi-Periodic Oscillations in Short Recurring Bursts of the Soft-Gamma Repeater J1550-5418}",
  journal = {submitted},
 keywords = {methods: data analysis, methods: statistical, pulsars: individual: SGR 1550-5418, stars: magnetic field, stars: neutron, X-rays: bursts },
     year = 2014,
    month = march
    }

@ARTICLE{Sotani2008,
   author = {{Sotani}, H. and {Kokkotas}, K.~D. and {Stergioulas}, N.},
    title = "{Alfv{\'e}n quasi-periodic oscillations in magnetars}",
  journal = {\mnras},
archivePrefix = "arXiv",
   eprint = {0710.1113},
 keywords = {MHD, relativity, stars: magnetic fields, stars: neutron, stars: oscillations, gamma rays: theory},
     year = 2008,
    month = mar,
   volume = 385,
    pages = {L5-L9},
      doi = {10.1111/j.1745-3933.2007.00420.x},
   adsurl = {http://adsabs.harvard.edu/abs/2008MNRAS.385L...5S},
  adsnote = {Provided by the SAO/NASA Astrophysics Data System}
}



@ARTICLE{Israel05,
   author = {{Israel}, G.~L. and {Belloni}, T. and {Stella}, L. and {Rephaeli}, Y. and 
	{Gruber}, D.~E. and {Casella}, P. and {Dall'Osso}, S. and {Rea}, N. and 
	{Persic}, M. and {Rothschild}, R.~E.},
    title = "{The Discovery of Rapid X-Ray Oscillations in the Tail of the SGR 1806-20 Hyperflare}",
  journal = {\apjl},
   eprint = {astro-ph/0505255},
 keywords = {Stars: Pulsars: Individual: Alphanumeric: SGR 1806-20, Stars: Flare, Stars: Neutron, Stars: Oscillations, X-Rays: Bursts},
     year = 2005,
    month = jul,
   volume = 628,
    pages = {L53-L56},
      doi = {10.1086/432615},
   adsurl = {http://adsabs.harvard.edu/abs/2005ApJ...628L..53I},
  adsnote = {Provided by the SAO/NASA Astrophysics Data System}
}

@ARTICLE{Lander11,
   author = {{Lander}, S.~K. and {Jones}, D.~I.},
    title = "{Oscillations and instabilities in neutron stars with poloidal magnetic fields}",
  journal = {\mnras},
archivePrefix = "arXiv",
   eprint = {1010.0614},
 primaryClass = "astro-ph.SR",
 keywords = {instabilities, MHD, stars: magnetic field, stars: neutron, stars: oscillations, stars: rotation},
     year = 2011,
    month = apr,
   volume = 412,
    pages = {1730-1740},
      doi = {10.1111/j.1365-2966.2010.18009.x},
   adsurl = {http://adsabs.harvard.edu/abs/2011MNRAS.412.1730L},
  adsnote = {Provided by the SAO/NASA Astrophysics Data System}
}


@ARTICLE{Lander10,
   author = {{Lander}, S.~K. and {Jones}, D.~I. and {Passamonti}, A.},
    title = "{Oscillations of rotating magnetized neutron stars with purely toroidal magnetic fields}",
  journal = {\mnras},
archivePrefix = "arXiv",
   eprint = {0912.3480},
 primaryClass = "astro-ph.SR",
 keywords = {MHD, stars: magnetic fields, stars: neutron, stars: oscillations, stars: rotation},
     year = 2010,
    month = jun,
   volume = 405,
    pages = {318-328},
      doi = {10.1111/j.1365-2966.2010.16435.x},
   adsurl = {http://adsabs.harvard.edu/abs/2010MNRAS.405..318L},
  adsnote = {Provided by the SAO/NASA Astrophysics Data System}
}


@ARTICLE{Levin06,
   author = {{Levin}, Y.},
    title = "{QPOs during magnetar flares are not driven by mechanical normal modes of the crust}",
  journal = {\mnras},
   eprint = {astro-ph/0601020},
 keywords = {stars: magnetic fields, stars: neutron, stars: oscillations, quasars: general},
     year = 2006,
    month = may,
   volume = 368,
    pages = {L35-L38},
      doi = {10.1111/j.1745-3933.2006.00155.x},
   adsurl = {http://adsabs.harvard.edu/abs/2006MNRAS.368L..35L},
  adsnote = {Provided by the SAO/NASA Astrophysics Data System}
}


@ARTICLE{Levin07,
   author = {{Levin}, Y.},
    title = "{On the theory of magnetar QPOs}",
  journal = {\mnras},
   eprint = {astro-ph/0612725},
 keywords = {MHD, stars: neutron},
     year = 2007,
    month = may,
   volume = 377,
    pages = {159-167},
      doi = {10.1111/j.1365-2966.2007.11582.x},
   adsurl = {http://adsabs.harvard.edu/abs/2007MNRAS.377..159L},
  adsnote = {Provided by the SAO/NASA Astrophysics Data System}
}


@ARTICLE{Passamonti13a,
   author = {{Passamonti}, A. and {Lander}, S.~K.},
    title = "{Stratification, superfluidity and magnetar QPOs}",
  journal = {\mnras},
archivePrefix = "arXiv",
   eprint = {1210.2969},
 primaryClass = "astro-ph.SR",
 keywords = {MHD, stars: magnetic field, stars: neutron, stars: oscillations},
     year = 2013,
    month = feb,
   volume = 429,
    pages = {767-774},
      doi = {10.1093/mnras/sts372},
   adsurl = {http://adsabs.harvard.edu/abs/2013MNRAS.429..767P},
  adsnote = {Provided by the SAO/NASA Astrophysics Data System}
}

@ARTICLE{Passamonti13b,
   author = {{Passamonti}, A. and {Lander}, S.~K.},
    title = "{QPOs in superfluid magnetars}",
  journal = {ArXiv e-prints},
archivePrefix = "arXiv",
   eprint = {1307.3210},
 primaryClass = "astro-ph.SR",
 keywords = {Astrophysics - Solar and Stellar Astrophysics, Astrophysics - High Energy Astrophysical Phenomena},
     year = 2013,
    month = jul,
   adsurl = {http://adsabs.harvard.edu/abs/2013arXiv1307.3210P},
  adsnote = {Provided by the SAO/NASA Astrophysics Data System}
}

@ARTICLE{Piro05,
   author = {{Piro}, A.~L.},
    title = "{Shear Waves and Giant-Flare Oscillations from Soft Gamma-Ray Repeaters}",
  journal = {\apjl},
   eprint = {astro-ph/0510578},
 keywords = {Gamma Rays: Bursts, Stars: Magnetic Fields, Stars: Neutron, Stars: Oscillations},
     year = 2005,
    month = dec,
   volume = 634,
    pages = {L153-L156},
      doi = {10.1086/499049},
   adsurl = {http://adsabs.harvard.edu/abs/2005ApJ...634L.153P},
  adsnote = {Provided by the SAO/NASA Astrophysics Data System}
}



@ARTICLE{Samuelsson07,
   author = {{Samuelsson}, L. and {Andersson}, N.},
    title = "{Neutron star asteroseismology. Axial crust oscillations in the Cowling approximation}",
  journal = {\mnras},
   eprint = {astro-ph/0609265},
 keywords = {stars: neutron, stars: oscillations},
     year = 2007,
    month = jan,
   volume = 374,
    pages = {256-268},
      doi = {10.1111/j.1365-2966.2006.11147.x},
   adsurl = {http://adsabs.harvard.edu/abs/2007MNRAS.374..256S},
  adsnote = {Provided by the SAO/NASA Astrophysics Data System}
}

@ARTICLE{Steiner09,
   author = {{Steiner}, A.~W. and {Watts}, A.~L.},
    title = "{Constraints on Neutron Star Crusts from Oscillations in Giant Flares}",
  journal = {Physical Review Letters},
archivePrefix = "arXiv",
   eprint = {0902.1683},
 primaryClass = "astro-ph.HE",
 keywords = {Neutron star crust, Symmetry energy, Pulsations oscillations and stellar seismology},
     year = 2009,
    month = oct,
   volume = 103,
   number = 18,
      eid = {181101},
    pages = {181101},
      doi = {10.1103/PhysRevLett.103.181101},
   adsurl = {http://adsabs.harvard.edu/abs/2009PhRvL.103r1101S},
  adsnote = {Provided by the SAO/NASA Astrophysics Data System}
}

@ARTICLE{ruderman1998,
   author = {{Ruderman}, M. and {Zhu}, T. and {Chen}, K.},
    title = "{Neutron Star Magnetic Field Evolution, Crust Movement, and Glitches}",
  journal = {\apj},
   eprint = {astro-ph/9709008},
 keywords = {DENSE MATTER, STARS: PULSARS: GENERAL, STARS: MAGNETIC FIELDS, STARS: NEUTRON, Dense Matter, Stars: Pulsars: General, Stars: Magnetic Fields, Stars: Neutron},
     year = 1998,
    month = jan,
   volume = 492,
    pages = {267-280},
      doi = {10.1086/305026},
   adsurl = {http://adsabs.harvard.edu/abs/1998ApJ...492..267R},
  adsnote = {Provided by the SAO/NASA Astrophysics Data System}
}

@ARTICLE{bonanno2006,
   author = {{Bonanno}, A. and {Urpin}, V. and {Belvedere}, G.},
    title = "{Protoneutron star dynamos: pulsars, magnetars, and radio-silent X-ray emitting neutron stars}",
  journal = {\aap},
   eprint = {astro-ph/0603034},
 keywords = {magnetohydrodynamics (MHD), pulsars:, general, stars: neutron, X-ray: stars, stars: magnetic fields},
     year = 2006,
    month = jun,
   volume = 451,
    pages = {1049-1052},
      doi = {10.1051/0004-6361:20054473},
   adsurl = {http://adsabs.harvard.edu/abs/2006A%26A...451.1049B},
  adsnote = {Provided by the SAO/NASA Astrophysics Data System}
}

@ARTICLE{lee2008,
   author = {{Lee}, U.},
    title = "{Axisymmetric toroidal modes of magnetized neutron stars}",
  journal = {\mnras},
archivePrefix = "arXiv",
   eprint = {0710.4986},
 keywords = {stars: magnetic fields , stars: neutron , stars: oscillations},
     year = 2008,
    month = apr,
   volume = 385,
    pages = {2069-2079},
      doi = {10.1111/j.1365-2966.2008.12965.x},
   adsurl = {http://adsabs.harvard.edu/abs/2008MNRAS.385.2069L},
  adsnote = {Provided by the SAO/NASA Astrophysics Data System}
}

@ARTICLE{asai2014,
   author = {{Asai}, H. and {Lee}, U.},
    title = "{Axisymmetric toroidal modes of general relativistic magnetized neutron star models}",
  journal = {ArXiv e-prints},
archivePrefix = "arXiv",
   eprint = {1406.2786},
 primaryClass = "astro-ph.SR",
 keywords = {Astrophysics - Solar and Stellar Astrophysics},
     year = 2014,
    month = jun,
   adsurl = {http://adsabs.harvard.edu/abs/2014arXiv1406.2786A},
  adsnote = {Provided by the SAO/NASA Astrophysics Data System}
}


@ARTICLE{Strohmayer05,
   author = {{Strohmayer}, T.~E. and {Watts}, A.~L.},
    title = "{Discovery of Fast X-Ray Oscillations during the 1998 Giant Flare from SGR 1900+14}",
  journal = {\apjl},
   eprint = {astro-ph/0508206},
 keywords = {Stars: Pulsars: Individual: Alphanumeric: SGR 1900+14, Stars: Magnetic Fields, Stars: Neutron, Stars: Oscillations, Stars: Rotation, X-Rays: Stars},
     year = 2005,
    month = oct,
   volume = 632,
    pages = {L111-L114},
      doi = {10.1086/497911},
   adsurl = {http://adsabs.harvard.edu/abs/2005ApJ...632L.111S},
  adsnote = {Provided by the SAO/NASA Astrophysics Data System}
}


@ARTICLE{Strohmayer06,
   author = {{Strohmayer}, T.~E. and {Watts}, A.~L.},
    title = "{The 2004 Hyperflare from SGR 1806-20: Further Evidence for Global Torsional Vibrations}",
  journal = {\apj},
   eprint = {astro-ph/0608463},
 keywords = {Stars: Pulsars: Individual: Alphanumeric: SGR 1806-20, Stars: Magnetic Fields, Stars: Neutron, Stars: Oscillations, Stars: Rotation, X-Rays: Stars},
     year = 2006,
    month = dec,
   volume = 653,
    pages = {593-601},
      doi = {10.1086/508703},
   adsurl = {http://adsabs.harvard.edu/abs/2006ApJ...653..593S},
  adsnote = {Provided by the SAO/NASA Astrophysics Data System}
}

@ARTICLE{Thompson95,
   author = {{Thompson}, C. and {Duncan}, R.~C.},
    title = "{The soft gamma repeaters as very strongly magnetized neutron stars - I. Radiative mechanism for outbursts}",
  journal = {\mnras},
 keywords = {MAGNETIC FIELDS, RADIATION MECHANISMS: THERMAL, RADIATIVE TRANSFER, STARS: NEUTRON, GAMMA-RAYS: BURSTS},
     year = 1995,
    month = jul,
   volume = 275,
    pages = {255-300},
   adsurl = {http://adsabs.harvard.edu/abs/1995MNRAS.275..255T},
  adsnote = {Provided by the SAO/NASA Astrophysics Data System}
}

@INPROCEEDINGS{vanderKlis89,
   author = {{van der Klis}, M.},
    title = "{Fourier techniques in X-ray timing}",
 keywords = {X-Ray Pulsars: Periods, X-Ray Pulsars: Power Spectra},
booktitle = {Timing Neutron Stars},
     year = 1989,
   editor = {{{\"O}gelman}, H. and {van den Heuvel}, E.~P.~J.},
    pages = {27},
   adsurl = {http://adsabs.harvard.edu/abs/1989tns..conf...27V},
  adsnote = {Provided by the SAO/NASA Astrophysics Data System}
}


@ARTICLE{vanHoven08,
   author = {{van Hoven}, M. and {Levin}, Y.},
    title = "{Hydromagnetic waves in a superfluid neutron star with strong vortex pinning}",
  journal = {\mnras},
archivePrefix = "arXiv",
   eprint = {0803.0276},
 keywords = {stars: neutron},
     year = 2008,
    month = nov,
   volume = 391,
    pages = {283-289},
      doi = {10.1111/j.1365-2966.2008.13881.x},
   adsurl = {http://adsabs.harvard.edu/abs/2008MNRAS.391..283V},
  adsnote = {Provided by the SAO/NASA Astrophysics Data System}
}


@ARTICLE{vanHoven11,
   author = {{van Hoven}, M. and {Levin}, Y.},
    title = "{Magnetar oscillations - I. Strongly coupled dynamics of the crust and the core}",
  journal = {\mnras},
archivePrefix = "arXiv",
   eprint = {1006.0348},
 primaryClass = "astro-ph.HE",
 keywords = {stars: magnetars, stars: neutron, stars: oscillations},
     year = 2011,
    month = jan,
   volume = 410,
    pages = {1036-1051},
      doi = {10.1111/j.1365-2966.2010.17499.x},
   adsurl = {http://adsabs.harvard.edu/abs/2011MNRAS.410.1036V},
  adsnote = {Provided by the SAO/NASA Astrophysics Data System}
}

@ARTICLE{vanHoven12,
   author = {{van Hoven}, M. and {Levin}, Y.},
    title = "{Magnetar oscillations - II. Spectral method}",
  journal = {\mnras},
archivePrefix = "arXiv",
   eprint = {1110.2107},
 primaryClass = "astro-ph.HE",
 keywords = {stars: neutron},
     year = 2012,
    month = mar,
   volume = 420,
    pages = {3035-3046},
      doi = {10.1111/j.1365-2966.2011.20177.x},
   adsurl = {http://adsabs.harvard.edu/abs/2012MNRAS.420.3035V},
  adsnote = {Provided by the SAO/NASA Astrophysics Data System}
}



@ARTICLE{Watts06,
   author = {{Watts}, A.~L. and {Strohmayer}, T.~E.},
    title = "{Detection with RHESSI of High-Frequency X-Ray Oscillations in the Tailof the 2004 Hyperflare from SGR 1806-20}",
  journal = {\apjl},
   eprint = {astro-ph/0512630},
 keywords = {Stars: Pulsars: Individual: Alphanumeric: SGR 1806-20, Stars: Magnetic Fields, Stars: Neutron, Stars: Oscillations, Stars: Rotation, X-Rays: Stars},
     year = 2006,
    month = feb,
   volume = 637,
    pages = {L117-L120},
      doi = {10.1086/500735},
   adsurl = {http://adsabs.harvard.edu/abs/2006ApJ...637L.117W},
  adsnote = {Provided by the SAO/NASA Astrophysics Data System}
}

@ARTICLE{Watts07,
   author = {{Watts}, A.~L. and {Reddy}, S.},
    title = "{Magnetar oscillations pose challenges for strange stars}",
  journal = {\mnras},
   eprint = {astro-ph/0609364},
 keywords = {equation of state, stars: magnetic fields, stars: neutron, stars: oscillations, X-rays: stars},
     year = 2007,
    month = jul,
   volume = 379,
    pages = {L63-L66},
      doi = {10.1111/j.1745-3933.2007.00336.x},
   adsurl = {http://adsabs.harvard.edu/abs/2007MNRAS.379L..63W},
  adsnote = {Provided by the SAO/NASA Astrophysics Data System}
}

@ARTICLE{Watts11,
   author = {{Watts}, A.~L.},
    title = "{Neutron starquakes and the dynamic crust}",
  journal = {ArXiv e-prints},
archivePrefix = "arXiv",
   eprint = {1111.0514},
 primaryClass = "astro-ph.SR",
 keywords = {Astrophysics - Solar and Stellar Astrophysics, Astrophysics - High Energy Astrophysical Phenomena, Nuclear Theory},
     year = 2011,
    month = nov,
   adsurl = {http://adsabs.harvard.edu/abs/2011arXiv1111.0514W},
  adsnote = {Provided by the SAO/NASA Astrophysics Data System}
}

