### THIS IS AN EMPTY BIBLIOGRAPHY FILE!
### REFERENCES GO HERE!

@ARTICLE{israel05,
   author = {{Israel}, G.~L. and {Belloni}, T. and {Stella}, L. and {Rephaeli}, Y. and 
	{Gruber}, D.~E. and {Casella}, P. and {Dall'Osso}, S. and {Rea}, N. and 
	{Persic}, M. and {Rothschild}, R.~E.},
    title = "{The Discovery of Rapid X-Ray Oscillations in the Tail of the SGR 1806-20 Hyperflare}",
  journal = {\apjl},
   eprint = {arXiv:astro-ph/0505255},
 keywords = {Stars: Pulsars: Individual: Alphanumeric: SGR 1806-20, Stars: Flare, Stars: Neutron, Stars: Oscillations, X-Rays: Bursts},
     year = 2005,
    month = jul,
   volume = 628,
    pages = {L53-L56},
      doi = {10.1086/432615},
   adsurl = {http://adsabs.harvard.edu/abs/2005ApJ...628L..53I},
  adsnote = {Provided by the SAO/NASA Astrophysics Data System}
}

@ARTICLE{watts06,
   author = {{Watts}, A.~L. and {Strohmayer}, T.~E.},
    title = "{Detection with RHESSI of High-Frequency X-Ray Oscillations in the Tailof the 2004 Hyperflare from SGR 1806-20}",
  journal = {\apjl},
   eprint = {arXiv:astro-ph/0512630},
 keywords = {Stars: Pulsars: Individual: Alphanumeric: SGR 1806-20, Stars: Magnetic Fields, Stars: Neutron, Stars: Oscillations, Stars: Rotation, X-Rays: Stars},
     year = 2006,
    month = feb,
   volume = 637,
    pages = {L117-L120},
      doi = {10.1086/500735},
   adsurl = {http://adsabs.harvard.edu/abs/2006ApJ...637L.117W},
  adsnote = {Provided by the SAO/NASA Astrophysics Data System}
}
